@manual{manual,
    title = "How Oscilloscope Probes Affect Your Measurement - Application Note",
    %author		= "",
  	organization	= "Tektronix",
  	%address	= "",
  	%edition	= "",
  	%year		= "",
  	%month		= "",
  	%note		= "",
}
